<?xml version="1.0" encoding="UTF-8"?>
  <record xmlns="http://www.loc.gov/MARC21/slim" type="Authority">
    <leader>00000nz  a2200000nc 4500</leader>
    <controlfield tag="001">121563642</controlfield>
    <controlfield tag="003">DE-101</controlfield>
    <controlfield tag="005">20220422092537.0</controlfield>
    <controlfield tag="008">991112n||aznnnaabn           | aaa    |c</controlfield>
    <datafield tag="024" ind1="7" ind2=" ">
      <subfield code="a">121563642</subfield>
      <subfield code="0">http://d-nb.info/gnd/121563642</subfield>
      <subfield code="2">gnd</subfield>
    </datafield>
    <datafield tag="035" ind1=" " ind2=" ">
      <subfield code="a">(DE-101)121563642</subfield>
    </datafield>
    <datafield tag="035" ind1=" " ind2=" ">
      <subfield code="a">(DE-588)121563642</subfield>
    </datafield>
    <datafield tag="035" ind1=" " ind2=" ">
      <subfield code="z">(DE-588a)121563642</subfield>
      <subfield code="9">v:zg</subfield>
    </datafield>
    <datafield tag="040" ind1=" " ind2=" ">
      <subfield code="a">DE-12</subfield>
      <subfield code="c">DE-12</subfield>
      <subfield code="9">r:DE-12</subfield>
      <subfield code="b">ger</subfield>
      <subfield code="d">2214</subfield>
    </datafield>
    <datafield tag="042" ind1=" " ind2=" ">
      <subfield code="a">gnd1</subfield>
    </datafield>
    <datafield tag="043" ind1=" " ind2=" ">
      <subfield code="c">XA-DE</subfield>
    </datafield>
    <datafield tag="075" ind1=" " ind2=" ">
      <subfield code="b">p</subfield>
      <subfield code="2">gndgen</subfield>
    </datafield>
    <datafield tag="075" ind1=" " ind2=" ">
      <subfield code="b">piz</subfield>
      <subfield code="2">gndspec</subfield>
    </datafield>
    <datafield tag="079" ind1=" " ind2=" ">
      <subfield code="a">g</subfield>
      <subfield code="q">a</subfield>
      <subfield code="q">f</subfield>
    </datafield>
    <datafield tag="100" ind1="0" ind2=" ">
      <subfield code="a">Hermann</subfield>
      <subfield code="c">Holstein-Schaumburg, Graf</subfield>
      <subfield code="d">1575-1634</subfield>
    </datafield>
    <datafield tag="400" ind1="0" ind2=" ">
      <subfield code="a">Hermann</subfield>
      <subfield code="c">Holstein-Schauenburg, Graf</subfield>
      <subfield code="d">1575-1634</subfield>
    </datafield>
    <datafield tag="400" ind1="0" ind2=" ">
      <subfield code="a">Hermann</subfield>
      <subfield code="c">Schaumburg, Graf</subfield>
      <subfield code="d">1575-1634</subfield>
    </datafield>
    <datafield tag="400" ind1="1" ind2=" ">
      <subfield code="a">Holstein-Schaumburg, Hermann &#152;zu&#156;</subfield>
      <subfield code="d">1575-1634</subfield>
    </datafield>
    <datafield tag="400" ind1="1" ind2=" ">
      <subfield code="a">Holstein-Schaumburg-Sternberg, Hermann &#152;zu&#156;</subfield>
      <subfield code="d">1575-1634</subfield>
    </datafield>
    <datafield tag="400" ind1="1" ind2=" ">
      <subfield code="a">Holstein-Schaumburg-Sternberg, Herman &#152;zu&#156;</subfield>
      <subfield code="d">1575-1634</subfield>
    </datafield>
    <datafield tag="400" ind1="1" ind2=" ">
      <subfield code="a">Holstein, Hermann &#152;zu&#156;</subfield>
      <subfield code="d">1575-1634</subfield>
    </datafield>
    <datafield tag="400" ind1="1" ind2=" ">
      <subfield code="a">Schaumburg, Hermann &#152;zu&#156;</subfield>
      <subfield code="d">1575-1634</subfield>
    </datafield>
    <datafield tag="400" ind1="1" ind2=" ">
      <subfield code="a">Schaumburg, Hermann &#152;von&#156;</subfield>
      <subfield code="d">1575-1634</subfield>
    </datafield>
    <datafield tag="500" ind1="0" ind2=" ">
      <subfield code="0">(DE-101)141193875</subfield>
      <subfield code="0">(DE-588)141193875</subfield>
      <subfield code="0">https://d-nb.info/gnd/141193875</subfield>
      <subfield code="a">Jobst</subfield>
      <subfield code="b">II.</subfield>
      <subfield code="c">Holstein-Schaumburg, Graf</subfield>
      <subfield code="d">1520-1581</subfield>
      <subfield code="4">bezf</subfield>
      <subfield code="4">https://d-nb.info/standards/elementset/gnd#familialRelationship</subfield>
      <subfield code="w">r</subfield>
      <subfield code="i">Beziehung familiaer</subfield>
      <subfield code="e">Beziehung familiaer</subfield>
      <subfield code="9">v:Vater</subfield>
    </datafield>
    <datafield tag="500" ind1="0" ind2=" ">
      <subfield code="0">(DE-101)1081020415</subfield>
      <subfield code="0">(DE-588)1081020415</subfield>
      <subfield code="0">https://d-nb.info/gnd/1081020415</subfield>
      <subfield code="a">Georg Hermann</subfield>
      <subfield code="c">Holstein-Schaumburg, Graf</subfield>
      <subfield code="d">1577-1616</subfield>
      <subfield code="4">bezf</subfield>
      <subfield code="4">https://d-nb.info/standards/elementset/gnd#familialRelationship</subfield>
      <subfield code="w">r</subfield>
      <subfield code="i">Beziehung familiaer</subfield>
      <subfield code="e">Beziehung familiaer</subfield>
      <subfield code="9">v:Bruder</subfield>
    </datafield>
    <datafield tag="548" ind1=" " ind2=" ">
      <subfield code="a">1575-1634</subfield>
      <subfield code="4">datl</subfield>
      <subfield code="4">https://d-nb.info/standards/elementset/gnd#dateOfBirthAndDeath</subfield>
      <subfield code="w">r</subfield>
      <subfield code="i">Lebensdaten</subfield>
    </datafield>
    <datafield tag="548" ind1=" " ind2=" ">
      <subfield code="a">15.09.1575-05.12.1634</subfield>
      <subfield code="4">datx</subfield>
      <subfield code="4">https://d-nb.info/standards/elementset/gnd#dateOfBirthAndDeath</subfield>
      <subfield code="w">r</subfield>
      <subfield code="i">Exakte Lebensdaten</subfield>
    </datafield>
    <datafield tag="667" ind1=" " ind2=" ">
      <subfield code="a">VD-17</subfield>
    </datafield>
    <datafield tag="672" ind1=" " ind2="0">
      <subfield code="a">Danckmeyer, Heinrich: SterbensKunst ... - 1635</subfield>
    </datafield>
    <datafield tag="672" ind1=" " ind2="0">
      <subfield code="a">Nothold, Anton: Amicitia iustorum ... - 1635</subfield>
    </datafield>
    <datafield tag="913" ind1=" " ind2=" ">
      <subfield code="S">pnd</subfield>
      <subfield code="i">5</subfield>
      <subfield code="a">Hermann &lt;Holstein-Schaumburg, Graf&gt;</subfield>
      <subfield code="0">(DE-588a)121563642</subfield>
    </datafield>
  </record>
